<!DOCTYPE html>
<meta charset="utf-8" />
<!-- version 1 -->
<title>[Gen 7 Let's Go] Random Battle replay: Deepak MR hh vs. CleynePerree</title>
<style>
html,body {font-family:Verdana, sans-serif;font-size:10pt;margin:0;padding:0;}body{padding:12px 0;} .battle-log {font-family:Verdana, sans-serif;font-size:10pt;} .battle-log-inline {border:1px solid #AAAAAA;background:#EEF2F5;color:black;max-width:640px;margin:0 auto 80px;padding-bottom:5px;} .battle-log .inner {padding:4px 8px 0px 8px;} .battle-log .inner-preempt {padding:0 8px 4px 8px;} .battle-log .inner-after {margin-top:0.5em;} .battle-log h2 {margin:0.5em -8px;padding:4px 8px;border:1px solid #AAAAAA;background:#E0E7EA;border-left:0;border-right:0;font-family:Verdana, sans-serif;font-size:13pt;} .battle-log .chat {vertical-align:middle;padding:3px 0 3px 0;font-size:8pt;} .battle-log .chat strong {color:#40576A;} .battle-log .chat em {padding:1px 4px 1px 3px;color:#000000;font-style:normal;} .chat.mine {background:rgba(0,0,0,0.05);margin-left:-8px;margin-right:-8px;padding-left:8px;padding-right:8px;} .spoiler {color:#BBBBBB;background:#BBBBBB;padding:0px 3px;} .spoiler:hover, .spoiler:active, .spoiler-shown {color:#000000;background:#E2E2E2;padding:0px 3px;} .spoiler a {color:#BBBBBB;} .spoiler:hover a, .spoiler:active a, .spoiler-shown a {color:#2288CC;} .chat code, .chat .spoiler:hover code, .chat .spoiler:active code, .chat .spoiler-shown code {border:1px solid #C0C0C0;background:#EEEEEE;color:black;padding:0 2px;} .chat .spoiler code {border:1px solid #CCCCCC;background:#CCCCCC;color:#CCCCCC;} .battle-log .rated {padding:3px 4px;} .battle-log .rated strong {color:white;background:#89A;padding:1px 4px;border-radius:4px;} .spacer {margin-top:0.5em;} .message-announce {background:#6688AA;color:white;padding:1px 4px 2px;} .message-announce a, .broadcast-green a, .broadcast-blue a, .broadcast-red a {color:#DDEEFF;} .broadcast-green {background-color:#559955;color:white;padding:2px 4px;} .broadcast-blue {background-color:#6688AA;color:white;padding:2px 4px;} .infobox {border:1px solid #6688AA;padding:2px 4px;} .infobox-limited {max-height:200px;overflow:auto;overflow-x:hidden;} .broadcast-red {background-color:#AA5544;color:white;padding:2px 4px;} .message-learn-canlearn {font-weight:bold;color:#228822;text-decoration:underline;} .message-learn-cannotlearn {font-weight:bold;color:#CC2222;text-decoration:underline;} .message-effect-weak {font-weight:bold;color:#CC2222;} .message-effect-resist {font-weight:bold;color:#6688AA;} .message-effect-immune {font-weight:bold;color:#666666;} .message-learn-list {margin-top:0;margin-bottom:0;} .message-throttle-notice, .message-error {color:#992222;} .message-overflow, .chat small.message-overflow {font-size:0pt;} .message-overflow::before {font-size:9pt;content:'...';} .subtle {color:#3A4A66;}
</style>
<div class="wrapper replay-wrapper" style="max-width:1180px;margin:0 auto">
<input type="hidden" name="replayid" value="gen7letsgorandombattle-946676810" />
<div class="battle"></div><div class="battle-log"></div><div class="replay-controls"></div><div class="replay-controls-2"></div>
<h1 style="font-weight:normal;text-align:center"><strong>[Gen 7 Let's Go] Random Battle</strong><br /><a href="http://pokemonshowdown.com/users/deepakmrhh" class="subtle" target="_blank">Deepak MR hh</a> vs. <a href="http://pokemonshowdown.com/users/cleyneperree" class="subtle" target="_blank">CleynePerree</a></h1>
<script type="text/plain" class="battle-log-data">|j|☆Deepak MR hh
|j|☆CleynePerree
|player|p1|Deepak MR hh|137|
|player|p2|CleynePerree|1|
|teamsize|p1|6
|teamsize|p2|6
|gametype|singles
|gen|7
|tier|[Gen 7 Let's Go] Random Battle
|rule|Sleep Clause Mod: Limit one foe put to sleep
|rule|HP Percentage Mod: HP is shown in percentages
|
|clearpoke
|poke|PLAYER1|DETAILS1|ITEM1
|poke|PLAYER1|DETAILS2|ITEM2
|poke|PLAYER3|DETAILS3|ITEM3
|teampreview
|
|start
|switch|p1a: Marowak|Marowak, F|281\/281
|switch|p2a: Mew|Mew|361\/361
|turn|1
|l|☆Deepak MR hh
|player|p1|
|inactive|Battle timer is ON: inactive players will automatically lose when time's up. (requested by CleynePerree)
|inactive|Deepak MR hh has 270 seconds to reconnect!
|j|☆Deepak MR hh
|inactive|Deepak MR hh reconnected and has 300 seconds left.
|player|p1|Deepak MR hh|137
|
|move|p2a: Mew|Stealth Rock|p1a: Marowak
|-sidestart|p1: Deepak MR hh|move: Stealth Rock
|move|p1a: Marowak|Double-Edge|p2a: Mew
|-damage|p2a: Mew|283\/361
|-damage|p1a: Marowak|255\/281|[from] Recoil
|
|upkeep
|turn|2
|
|move|p2a: Mew|Psychic|p1a: Marowak
|-damage|p1a: Marowak|138\/281
|move|p1a: Marowak|Swords Dance|p1a: Marowak
|-boost|p1a: Marowak|atk|2
|
|upkeep
|turn|3
|
|move|p2a: Mew|Psychic|p1a: Marowak
|-damage|p1a: Marowak|21\/281
|move|p1a: Marowak|Earthquake|p2a: Mew
|-damage|p2a: Mew|93\/361
|
|upkeep
|turn|4
|
|move|p2a: Mew|Psychic|p1a: Marowak
|-damage|p1a: Marowak|0 fnt
|faint|p1a: Marowak
|
|upkeep
|
|switch|p1a: Beedrill|Beedrill, M|291\/291
|-damage|p1a: Beedrill|219\/291|[from] Stealth Rock
|turn|5
|inactive|CleynePerree has 270 seconds left.
|
|switch|p2a: Marowak|Marowak, F|281\/281
|detailschange|p1a: Beedrill|Beedrill-Mega, M
|-mega|p1a: Beedrill|Beedrill|Beedrillite
|move|p1a: Beedrill|X-Scissor|p2a: Marowak
|-damage|p2a: Marowak|167\/281
|
|upkeep
|turn|6
|inactive|CleynePerree has 270 seconds left.
|
|switch|p1a: Wigglytuff|Wigglytuff, M|441\/441
|-damage|p1a: Wigglytuff|386\/441|[from] Stealth Rock
|move|p2a: Marowak|Earthquake|p1a: Wigglytuff
|-damage|p1a: Wigglytuff|226\/441
|
|upkeep
|turn|7
|inactive|CleynePerree has 270 seconds left.
|
|move|p1a: Wigglytuff|Ice Beam|p2a: Marowak
|-supereffective|p2a: Marowak
|-damage|p2a: Marowak|23\/281
|-status|p2a: Marowak|frz
|cant|p2a: Marowak|frz
|
|upkeep
|turn|8
|inactive|CleynePerree has 270 seconds left.
|
|cant|p2a: Marowak|frz
|move|p1a: Wigglytuff|Ice Beam|p2a: Marowak
|-supereffective|p2a: Marowak
|-damage|p2a: Marowak|0 fnt
|faint|p2a: Marowak
|
|upkeep
|inactive|CleynePerree has 270 seconds left.
|
|switch|p2a: Arbok|Arbok, M|281\/281
|turn|9
|
|move|p2a: Arbok|Poison Jab|p1a: Wigglytuff
|-supereffective|p1a: Wigglytuff
|-damage|p1a: Wigglytuff|0 fnt
|faint|p1a: Wigglytuff
|
|upkeep
|
|switch|p1a: Onix|Onix, F|231\/231
|-damage|p1a: Onix|217\/231|[from] Stealth Rock
|turn|10
|
|move|p2a: Arbok|Earthquake|p1a: Onix
|-supereffective|p1a: Onix
|-damage|p1a: Onix|117\/231
|move|p1a: Onix|Earthquake|p2a: Arbok
|-supereffective|p2a: Arbok
|-damage|p2a: Arbok|93\/281
|
|upkeep
|turn|11
|
|move|p2a: Arbok|Earthquake|p1a: Onix
|-supereffective|p1a: Onix
|-damage|p1a: Onix|15\/231
|move|p1a: Onix|Earthquake|p2a: Arbok
|-supereffective|p2a: Arbok
|-damage|p2a: Arbok|0 fnt
|faint|p2a: Arbok
|
|upkeep
|
|switch|p2a: Nidoqueen|Nidoqueen, F|341\/341
|turn|12
|
|move|p2a: Nidoqueen|Ice Beam|p1a: Onix
|-supereffective|p1a: Onix
|-damage|p1a: Onix|0 fnt
|faint|p1a: Onix
|
|upkeep
|
|switch|p1a: Beedrill|Beedrill-Mega, M|219\/291
|-damage|p1a: Beedrill|147\/291|[from] Stealth Rock
|turn|13
|
|move|p1a: Beedrill|Drill Run|p2a: Nidoqueen
|-supereffective|p2a: Nidoqueen
|-damage|p2a: Nidoqueen|157\/341
|move|p2a: Nidoqueen|Earthquake|p1a: Beedrill
|-damage|p1a: Beedrill|0 fnt
|faint|p1a: Beedrill
|
|upkeep
|
|switch|p1a: Fearow|Fearow, M|291\/291
|-damage|p1a: Fearow|219\/291|[from] Stealth Rock
|turn|14
|
|move|p1a: Fearow|Drill Run|p2a: Nidoqueen
|-supereffective|p2a: Nidoqueen
|-damage|p2a: Nidoqueen|37\/341
|move|p2a: Nidoqueen|Ice Beam|p1a: Fearow
|-supereffective|p1a: Fearow
|-damage|p1a: Fearow|53\/291
|-status|p1a: Fearow|frz
|
|upkeep
|turn|15
|
|cant|p1a: Fearow|frz
|move|p2a: Nidoqueen|Ice Beam|p1a: Fearow
|-supereffective|p1a: Fearow
|-damage|p1a: Fearow|0 fnt
|faint|p1a: Fearow
|
|upkeep
|
|switch|p1a: Golem|Golem-Alola, F|321\/321
|-damage|p1a: Golem|281\/321|[from] Stealth Rock
|turn|16
|
|move|p2a: Nidoqueen|Earthquake|p1a: Golem
|-supereffective|p1a: Golem
|-damage|p1a: Golem|0 fnt
|faint|p1a: Golem
|
|win|CleynePerree
|l|☆Deepak MR hh
|l|☆CleynePerree
|j|☆Deepak MR hh
|player|p1|Deepak MR hh|137
|l|☆Deepak MR hh
|player|p1|
</script>
</div>
<div class="battle-log battle-log-inline"><div class="inner"><div class="battle-options"></div><div class="inner"><div class="chat"><small>☆Deepak MR hh joined.</small></div><div class="chat"><small>☆CleynePerree joined.</small></div><div class=""><small>Format:</small> <br><strong>[Gen 7 Let's Go] Random Battle</strong></div><div class=""><small><em>Sleep Clause Mod:</em> Limit one foe put to sleep</small></div><div class=""><small><em>HP Percentage Mod:</em> HP is shown in percentages</small></div><div class="spacer battle-history"><br></div><div class="battle-history">Battle started between Deepak MR hh and CleynePerree!<br></div><div class="spacer battle-history"><br></div><div class="battle-history">Go! <strong>Marowak</strong>!<br></div><div class="spacer battle-history"><br></div><div class="battle-history">CleynePerree sent out <strong>Mew</strong>!<br></div><div class="spacer battle-history"><br></div><h2 class="battle-history">Turn 1</h2><div class="chat"><small>☆Deepak MR hh left.</small></div><div class="chat message-error">Battle timer is ON: inactive players will automatically lose when time's up. (requested by CleynePerree)</div><div class="chat message-error">Deepak MR hh has 270 seconds to reconnect!</div><div class="chat"><small>☆Deepak MR hh joined.</small></div><div class="chat message-error">Deepak MR hh reconnected and has 300 seconds left.</div><div class="spacer battle-history"><br></div><div class="battle-history">The opposing Mew used <strong>Stealth Rock</strong>!<br></div><div class="battle-history"><small>Pointed stones float in the air around your team!</small><br></div><div class="spacer battle-history"><br></div><div class="battle-history">Marowak used <strong>Double-Edge</strong>!<br></div><div class="battle-history"><small>(The opposing Mew lost <abbr title="−78/361">21.6%</abbr> of its health!)</small><br></div><div class="battle-history"><small>Marowak is damaged by the recoil!</small><br></div><div class="spacer battle-history"><br></div><h2 class="battle-history">Turn 2</h2><div class="spacer battle-history"><br></div><div class="battle-history">The opposing Mew used <strong>Psychic</strong>!<br></div><div class="battle-history"><small>(Marowak lost <abbr title="−117/281">41.6%</abbr> of its health!)</small><br></div><div class="spacer battle-history"><br></div><div class="battle-history">Marowak used <strong>Swords Dance</strong>!<br></div><div class="battle-history"><small>Marowak's Attack rose sharply!</small><br></div><div class="spacer battle-history"><br></div><h2 class="battle-history">Turn 3</h2><div class="spacer battle-history"><br></div><div class="battle-history">The opposing Mew used <strong>Psychic</strong>!<br></div><div class="battle-history"><small>(Marowak lost <abbr title="−117/281">41.6%</abbr> of its health!)</small><br></div><div class="spacer battle-history"><br></div><div class="battle-history">Marowak used <strong>Earthquake</strong>!<br></div><div class="battle-history"><small>(The opposing Mew lost <abbr title="−190/361">52.6%</abbr> of its health!)</small><br></div><div class="spacer battle-history"><br></div><h2 class="battle-history">Turn 4</h2><div class="spacer battle-history"><br></div><div class="battle-history">The opposing Mew used <strong>Psychic</strong>!<br></div><div class="battle-history"><small>(Marowak lost <abbr title="−21/281">7.5%</abbr> of its health!)</small><br></div><div class="spacer battle-history"><br></div><div class="battle-history">Marowak fainted!<br></div><div class="spacer battle-history"><br></div><div class="battle-history">Go! <strong>Beedrill</strong>!<br></div><div class="battle-history"><small>Pointed stones dug into Beedrill!</small><br></div><div class="spacer battle-history"><br></div><h2 class="battle-history">Turn 5</h2><div class="chat message-error">CleynePerree has 270 seconds left.</div><div class="spacer battle-history"><br></div><div class="battle-history">CleynePerree withdrew Mew!<br></div><div class="battle-history">CleynePerree sent out <strong>Marowak</strong>!<br></div><div class="spacer battle-history"><br></div><div class="battle-history"><small>Beedrill's Beedrillite is reacting to the Key Stone!</small><br>Beedrill has Mega Evolved into Mega Beedrill!<br></div><div class="spacer battle-history"><br></div><div class="battle-history">Beedrill used <strong>X-Scissor</strong>!<br></div><div class="battle-history"><small>(The opposing Marowak lost <abbr title="−114/281">40.6%</abbr> of its health!)</small><br></div><div class="spacer battle-history"><br></div><h2 class="battle-history">Turn 6</h2><div class="chat message-error">CleynePerree has 270 seconds left.</div><div class="spacer battle-history"><br></div><div class="battle-history">Beedrill, come back!<br></div><div class="battle-history">Go! <strong>Wigglytuff</strong>!<br></div><div class="battle-history"><small>Pointed stones dug into Wigglytuff!</small><br></div><div class="spacer battle-history"><br></div><div class="battle-history">The opposing Marowak used <strong>Earthquake</strong>!<br></div><div class="battle-history"><small>(Wigglytuff lost <abbr title="−160/441">36.3%</abbr> of its health!)</small><br></div><div class="spacer battle-history"><br></div><h2 class="battle-history">Turn 7</h2><div class="chat message-error">CleynePerree has 270 seconds left.</div><div class="spacer battle-history"><br></div><div class="battle-history">Wigglytuff used <strong>Ice Beam</strong>!<br></div><div class="battle-history"><small>It's super effective!</small><br></div><div class="battle-history"><small>(The opposing Marowak lost <abbr title="−144/281">51.2%</abbr> of its health!)</small><br></div><div class="battle-history"><small>The opposing Marowak was frozen solid!</small><br></div><div class="spacer battle-history"><br></div><div class="battle-history">The opposing Marowak is frozen solid!<br></div><div class="spacer battle-history"><br></div><h2 class="battle-history">Turn 8</h2><div class="chat message-error">CleynePerree has 270 seconds left.</div><div class="spacer battle-history"><br></div><div class="battle-history">The opposing Marowak is frozen solid!<br></div><div class="spacer battle-history"><br></div><div class="battle-history">Wigglytuff used <strong>Ice Beam</strong>!<br></div><div class="battle-history"><small>It's super effective!</small><br></div><div class="battle-history"><small>(The opposing Marowak lost <abbr title="−23/281">8.2%</abbr> of its health!)</small><br></div><div class="spacer battle-history"><br></div><div class="battle-history">The opposing Marowak fainted!<br></div><div class="chat message-error">CleynePerree has 270 seconds left.</div><div class="spacer battle-history"><br></div><div class="battle-history">CleynePerree sent out <strong>Arbok</strong>!<br></div><div class="spacer battle-history"><br></div><h2 class="battle-history">Turn 9</h2><div class="spacer battle-history"><br></div><div class="battle-history">The opposing Arbok used <strong>Poison Jab</strong>!<br></div><div class="battle-history"><small>It's super effective!</small><br></div><div class="battle-history"><small>(Wigglytuff lost <abbr title="−226/441">51.2%</abbr> of its health!)</small><br></div><div class="spacer battle-history"><br></div><div class="battle-history">Wigglytuff fainted!<br></div><div class="spacer battle-history"><br></div><div class="battle-history">Go! <strong>Onix</strong>!<br></div><div class="battle-history"><small>Pointed stones dug into Onix!</small><br></div><div class="spacer battle-history"><br></div><h2 class="battle-history">Turn 10</h2><div class="spacer battle-history"><br></div><div class="battle-history">The opposing Arbok used <strong>Earthquake</strong>!<br></div><div class="battle-history"><small>It's super effective!</small><br></div><div class="battle-history"><small>(Onix lost <abbr title="−100/231">43.3%</abbr> of its health!)</small><br></div><div class="spacer battle-history"><br></div><div class="battle-history">Onix used <strong>Earthquake</strong>!<br></div><div class="battle-history"><small>It's super effective!</small><br></div><div class="battle-history"><small>(The opposing Arbok lost <abbr title="−188/281">66.9%</abbr> of its health!)</small><br></div><div class="spacer battle-history"><br></div><h2 class="battle-history">Turn 11</h2><div class="spacer battle-history"><br></div><div class="battle-history">The opposing Arbok used <strong>Earthquake</strong>!<br></div><div class="battle-history"><small>It's super effective!</small><br></div><div class="battle-history"><small>(Onix lost <abbr title="−102/231">44.2%</abbr> of its health!)</small><br></div><div class="spacer battle-history"><br></div><div class="battle-history">Onix used <strong>Earthquake</strong>!<br></div><div class="battle-history"><small>It's super effective!</small><br></div><div class="battle-history"><small>(The opposing Arbok lost <abbr title="−93/281">33.1%</abbr> of its health!)</small><br></div><div class="spacer battle-history"><br></div><div class="battle-history">The opposing Arbok fainted!<br></div><div class="spacer battle-history"><br></div><div class="battle-history">CleynePerree sent out <strong>Nidoqueen</strong>!<br></div><div class="spacer battle-history"><br></div><h2 class="battle-history">Turn 12</h2><div class="spacer battle-history"><br></div><div class="battle-history">The opposing Nidoqueen used <strong>Ice Beam</strong>!<br></div><div class="battle-history"><small>It's super effective!</small><br></div><div class="battle-history"><small>(Onix lost <abbr title="−15/231">6.5%</abbr> of its health!)</small><br></div><div class="spacer battle-history"><br></div><div class="battle-history">Onix fainted!<br></div><div class="spacer battle-history"><br></div><div class="battle-history">Go! Beedrill (<strong>Beedrill-Mega</strong>)!<br></div><div class="battle-history"><small>Pointed stones dug into Beedrill!</small><br></div><div class="spacer battle-history"><br></div><h2 class="battle-history">Turn 13</h2><div class="spacer battle-history"><br></div><div class="battle-history">Beedrill used <strong>Drill Run</strong>!<br></div><div class="battle-history"><small>It's super effective!</small><br></div><div class="battle-history"><small>(The opposing Nidoqueen lost <abbr title="−184/341">54.0%</abbr> of its health!)</small><br></div><div class="spacer battle-history"><br></div><div class="battle-history">The opposing Nidoqueen used <strong>Earthquake</strong>!<br></div><div class="battle-history"><small>(Beedrill lost <abbr title="−147/291">50.5%</abbr> of its health!)</small><br></div><div class="spacer battle-history"><br></div><div class="battle-history">Beedrill fainted!<br></div><div class="spacer battle-history"><br></div><div class="battle-history">Go! <strong>Fearow</strong>!<br></div><div class="battle-history"><small>Pointed stones dug into Fearow!</small><br></div><div class="spacer battle-history"><br></div><h2 class="battle-history">Turn 14</h2><div class="spacer battle-history"><br></div><div class="battle-history">Fearow used <strong>Drill Run</strong>!<br></div><div class="battle-history"><small>It's super effective!</small><br></div><div class="battle-history"><small>(The opposing Nidoqueen lost <abbr title="−120/341">35.2%</abbr> of its health!)</small><br></div><div class="spacer battle-history"><br></div><div class="battle-history">The opposing Nidoqueen used <strong>Ice Beam</strong>!<br></div><div class="battle-history"><small>It's super effective!</small><br></div><div class="battle-history"><small>(Fearow lost <abbr title="−166/291">57.0%</abbr> of its health!)</small><br></div><div class="battle-history"><small>Fearow was frozen solid!</small><br></div><div class="spacer battle-history"><br></div><h2 class="battle-history">Turn 15</h2><div class="spacer battle-history"><br></div><div class="battle-history">Fearow is frozen solid!<br></div><div class="spacer battle-history"><br></div><div class="battle-history">The opposing Nidoqueen used <strong>Ice Beam</strong>!<br></div><div class="battle-history"><small>It's super effective!</small><br></div><div class="battle-history"><small>(Fearow lost <abbr title="−53/291">18.2%</abbr> of its health!)</small><br></div><div class="spacer battle-history"><br></div><div class="battle-history">Fearow fainted!<br></div><div class="spacer battle-history"><br></div><div class="battle-history">Go! Golem (<strong>Golem-Alola</strong>)!<br></div><div class="battle-history"><small>Pointed stones dug into Golem!</small><br></div><div class="spacer battle-history"><br></div><h2 class="battle-history">Turn 16</h2><div class="spacer battle-history"><br></div><div class="battle-history">The opposing Nidoqueen used <strong>Earthquake</strong>!<br></div><div class="battle-history"><small>It's super effective!</small><br></div><div class="battle-history"><small>(Golem lost <abbr title="−281/321">87.5%</abbr> of its health!)</small><br></div><div class="spacer battle-history"><br></div><div class="battle-history">Golem fainted!<br></div><div class="spacer battle-history"><br></div><div class="battle-history"><strong>CleynePerree</strong> won the battle!<br></div><div class="chat"><small>☆Deepak MR hh left.</small></div><div class="chat"><small>☆CleynePerree left.</small></div><div class="chat"><small>☆Deepak MR hh joined.</small></div><div class="chat"><small>☆Deepak MR hh left.</small></div></div><div class="inner-preempt"></div></div></div>
</div>
<script>
let daily = Math.floor(Date.now()/1000/60/60/24);document.write('<script src="https://play.pokemonshowdown.com/js/replay-embed.js?version'+daily+'"></'+'script>');
</script>
